@incollection{lazarsfeld_friendship_1954,
	address = {New York},
	title = {Friendship as a social process: A substantive and methodological analysis},
	shorttitle = {Friendship as a social process},
	booktitle = {Freedom and control in modern society},
	publisher = {Van Nostrand},
	author = {Lazarsfeld, Paul F. and Merton, Robert K.},
	editor = {Berger, Morroe and Abel, Theodore},
	year = {1954}
}
@article{mcpherson2001birds,
  title={Birds of a feather: Homophily in social networks},
  author={McPherson, Miller and Smith-Lovin, Lynn and Cook, James M},
  journal={Annual review of sociology},
  pages={415--444},
  year={2001},
  publisher={JSTOR}
}
@article{thelwall2010emotion,
  title={Emotion homophily in social network site messages},
  author={Thelwall, Mike},
  journal={First Monday},
  volume={15},
  number={4},
  year={2010}
}
@inproceedings{barbosa2010robust,
  title={Robust sentiment detection on twitter from biased and noisy data},
  author={Barbosa, Luciano and Feng, Junlan},
  booktitle={Proceedings of the 23rd International Conference on Computational Linguistics: Posters},
  pages={36--44},
  year={2010},
  organization={Association for Computational Linguistics}
}
@inproceedings{davidov2010enhanced,
  title={Enhanced sentiment learning using twitter hashtags and smileys},
  author={Davidov, Dmitry and Tsur, Oren and Rappoport, Ari},
  booktitle={Proceedings of the 23rd International Conference on Computational Linguistics: Posters},
  pages={241--249},
  year={2010},
  organization={Association for Computational Linguistics}
}
@inproceedings{li2010micro,
  title={Micro-blogging sentiment detection by collaborative online learning},
  author={Li, Guangxia and Hoi, Steven CH and Chang, Kuiyu and Jain, Ramesh},
  booktitle={Data Mining (ICDM), 2010 IEEE 10th International Conference on},
  pages={893--898},
  year={2010},
  organization={IEEE}
}
@inproceedings{agrawal2003mining,
  title={Mining newsgroups using networks arising from social behavior},
  author={Agrawal, Rakesh and Rajagopalan, Sridhar and Srikant, Ramakrishnan and Xu, Yirong},
  booktitle={Proceedings of the 12th international conference on World Wide Web},
  pages={529--535},
  year={2003},
  organization={ACM}
}
@article{mostafa2013more,
  title={More than words: Social networksâ€™ text mining for consumer brand sentiments},
  author={Mostafa, Mohamed M},
  journal={Expert Systems with Applications},
  volume={40},
  number={10},
  pages={4241--4251},
  year={2013},
  publisher={Elsevier}
}
@article{malouf2008taking,
  title={Taking sides: User classification for informal online political discourse},
  author={Malouf, Robert and Mullen, Tony},
  journal={Internet Research},
  volume={18},
  number={2},
  pages={177--190},
  year={2008},
  publisher={Emerald Group Publishing Limited}
}
@article{yu2008classifying,
  title={Classifying party affiliation from political speech},
  author={Yu, Bei and Kaufmann, Stefan and Diermeier, Daniel},
  journal={Journal of Information Technology \& Politics},
  volume={5},
  number={1},
  pages={33--48},
  year={2008},
  publisher={Taylor \& Francis}
}
@inproceedings{li2012mining,
  title={Mining topic-level opinion influence in microblog},
  author={Li, Daifeng and Shuai, Xin and Sun, Guozheng and Tang, Jie and Ding, Ying and Luo, Zhipeng},
  booktitle={Proceedings of the 21st ACM international conference on Information and knowledge management},
  pages={1562--1566},
  year={2012},
  organization={ACM}
}
@inproceedings{lin2009joint,
  title={Joint sentiment/topic model for sentiment analysis},
  author={Lin, Chenghua and He, Yulan},
  booktitle={Proceedings of the 18th ACM conference on Information and knowledge management},
  pages={375--384},
  year={2009},
  organization={ACM}
}
@inproceedings{mei2007topic,
  title={Topic sentiment mixture: modeling facets and opinions in weblogs},
  author={Mei, Qiaozhu and Ling, Xu and Wondra, Matthew and Su, Hang and Zhai, ChengXiang},
  booktitle={Proceedings of the 16th international conference on World Wide Web},
  pages={171--180},
  year={2007},
  organization={ACM}
}
@article{blei2003latent,
  title={Latent dirichlet allocation},
  author={Blei, David M and Ng, Andrew Y and Jordan, Michael I},
  journal={the Journal of machine Learning research},
  volume={3},
  pages={993--1022},
  year={2003},
  publisher={JMLR. org}
}
@inproceedings{rosen2004author,
  title={The author-topic model for authors and documents},
  author={Rosen-Zvi, Michal and Griffiths, Thomas and Steyvers, Mark and Smyth, Padhraic},
  booktitle={Proceedings of the 20th conference on Uncertainty in artificial intelligence},
  pages={487--494},
  year={2004},
  organization={AUAI Press}
}
@inproceedings{ramage2009labeled,
  title={Labeled LDA: A supervised topic model for credit attribution in multi-labeled corpora},
  author={Ramage, Daniel and Hall, David and Nallapati, Ramesh and Manning, Christopher D},
  booktitle={Proceedings of the 2009 Conference on Empirical Methods in Natural Language Processing: Volume 1-Volume 1},
  pages={248--256},
  year={2009},
  organization={Association for Computational Linguistics}
}
@article{liu2010comment,
  title={Comment target extraction and sentiment classification},
  author={Liu, Hongyu and Zhao, Yanyan and Qin, Bing and Liu, Ting},
  journal={Journal of Chinese Information Processing},
  volume={24},
  number={1},
  pages={84--89},
  year={2010}
}
@incollection{zhai2011constrained,
  title={Constrained LDA for grouping product features in opinion mining},
  author={Zhai, Zhongwu and Liu, Bing and Xu, Hua and Jia, Peifa},
  booktitle={Advances in knowledge discovery and data mining},
  pages={448--459},
  year={2011},
  publisher={Springer}
}
@inproceedings{lu2008opinion,
  title={Opinion integration through semi-supervised topic modeling},
  author={Lu, Yue and Zhai, Chengxiang},
  booktitle={Proceedings of the 17th international conference on World Wide Web},
  pages={121--130},
  year={2008},
  organization={ACM}
}
@inproceedings{wang2011topic,
  title={Topic sentiment analysis in twitter: a graph-based hashtag sentiment classification approach},
  author={Wang, Xiaolong and Wei, Furu and Liu, Xiaohua and Zhou, Ming and Zhang, Ming},
  booktitle={Proceedings of the 20th ACM international conference on Information and knowledge management},
  pages={1031--1040},
  year={2011},
  organization={ACM}
}
@inproceedings{calais2011bias,
  title={From bias to opinion: a transfer-learning approach to real-time sentiment analysis},
  author={Calais Guerra, Pedro Henrique and Veloso, Adriano and Meira Jr, Wagner and Almeida, Virg{\'\i}lio},
  booktitle={Proceedings of the 17th ACM SIGKDD international conference on Knowledge discovery and data mining},
  pages={150--158},
  year={2011},
  organization={ACM}
}
@inproceedings{zhao2012user,
  title={User-sentiment topic model: refining user's topics with sentiment information},
  author={Zhao, Tong and Li, Chunping and Ding, Qiang and Li, Li},
  booktitle={Proceedings of the ACM SIGKDD Workshop on Mining Data Semantics},
  pages={10},
  year={2012},
  organization={ACM}
}
@inproceedings{steyvers2004probabilistic,
  title={Probabilistic author-topic models for information discovery},
  author={Steyvers, Mark and Smyth, Padhraic and Rosen-Zvi, Michal and Griffiths, Thomas},
  booktitle={Proceedings of the tenth ACM SIGKDD international conference on Knowledge discovery and data mining},
  pages={306--315},
  year={2004},
  organization={ACM}
}
@inproceedings{kawamae2010author,
  title={Author interest topic model},
  author={Kawamae, Noriaki},
  booktitle={Proceedings of the 33rd international ACM SIGIR conference on Research and development in information retrieval},
  pages={887--888},
  year={2010},
  organization={ACM}
}
@article{mimno2007expertise,
  title={Expertise modeling for matching papers with reviewers},
  author={Mimno, David and McCallum, Andrew},
  year={2007}
}
@inproceedings{liu2009topic,
  title={Topic-link lda: joint models of topic and author community},
  author={Liu, Yan and Niculescu-Mizil, Alexandru and Gryc, Wojciech},
  booktitle={Proceedings of the 26th Annual International Conference on Machine Learning},
  pages={665--672},
  year={2009},
  organization={ACM}
}
@inproceedings{kawamae2010latent,
  title={Latent interest-topic model: finding the causal relationships behind dyadic data},
  author={Kawamae, Noriaki},
  booktitle={Proceedings of the 19th ACM international conference on Information and knowledge management},
  pages={649--658},
  year={2010},
  organization={ACM}
}
@inproceedings{marlin2003modeling,
  title={Modeling User Rating Profiles For Collaborative Filtering.},
  author={Marlin, Benjamin M},
  booktitle={NIPS},
  year={2003}
}
@inproceedings{jo2011aspect,
  title={Aspect and sentiment unification model for online review analysis},
  author={Jo, Yohan and Oh, Alice H},
  booktitle={Proceedings of the fourth ACM international conference on Web search and data mining},
  pages={815--824},
  year={2011},
  organization={ACM}
}
@article{o2010tweets,
  title={From tweets to polls: Linking text sentiment to public opinion time series.},
  author={O'Connor, Brendan and Balasubramanyan, Ramnath and Routledge, Bryan R and Smith, Noah A},
  journal={ICWSM},
  volume={11},
  pages={122--129},
  year={2010}
}
@inproceedings{jiang2011target,
  title={Target-dependent twitter sentiment classification},
  author={Jiang, Long and Yu, Mo and Zhou, Ming and Liu, Xiaohua and Zhao, Tiejun},
  booktitle={Proceedings of the 49th Annual Meeting of the Association for Computational Linguistics: Human Language Technologies-Volume 1},
  pages={151--160},
  year={2011},
  organization={Association for Computational Linguistics}
}
@inproceedings{tan2011user,
  title={User-level sentiment analysis incorporating social networks},
  author={Tan, Chenhao and Lee, Lillian and Tang, Jie and Jiang, Long and Zhou, Ming and Li, Ping},
  booktitle={Proceedings of the 17th ACM SIGKDD international conference on Knowledge discovery and data mining},
  pages={1397--1405},
  year={2011},
  organization={ACM}
}
@inproceedings{lin2010comparative,
  title={A comparative study of Bayesian models for unsupervised sentiment detection},
  author={Lin, Chenghua and He, Yulan and Everson, Richard},
  booktitle={Proceedings of the Fourteenth Conference on Computational Natural Language Learning},
  pages={144--152},
  year={2010},
  organization={Association for computational linguistics}
}
@article{pang2008opinion,
  title={Opinion mining and sentiment analysis},
  author={Pang, Bo and Lee, Lillian},
  journal={Foundations and trends in information retrieval},
  volume={2},
  number={1-2},
  pages={1--135},
  year={2008},
  publisher={Now Publishers Inc.}
}
@article{liu2012sentiment,
  title={Sentiment analysis and opinion mining},
  author={Liu, Bing},
  journal={Synthesis Lectures on Human Language Technologies},
  volume={5},
  number={1},
  pages={1--167},
  year={2012},
  publisher={Morgan \& Claypool Publishers}
}
@inproceedings{chen2010short,
  title={Short and tweet: experiments on recommending content from information streams},
  author={Chen, Jilin and Nairn, Rowan and Nelson, Les and Bernstein, Michael and Chi, Ed},
  booktitle={Proceedings of the SIGCHI Conference on Human Factors in Computing Systems},
  pages={1185--1194},
  year={2010},
  organization={ACM}
}
@incollection{abel2011analyzing,
  title={Analyzing user modeling on twitter for personalized news recommendations},
  author={Abel, Fabian and Gao, Qi and Houben, Geert-Jan and Tao, Ke},
  booktitle={User Modeling, Adaption and Personalization},
  pages={1--12},
  year={2011},
  publisher={Springer}
}
@inproceedings{macskassy2011people,
  title={Why do people retweet? anti-homophily wins the day!},
  author={Macskassy, Sofus A and Michelson, Matthew},
  booktitle={ICWSM},
  year={2011}
}
@inproceedings{rehurek_lrec,
      title = {{Software Framework for Topic Modelling with Large Corpora}},
      author = {Radim {\v R}eh{\r u}{\v r}ek and Petr Sojka},
      booktitle = {{Proceedings of the LREC 2010 Workshop on New
           Challenges for NLP Frameworks}},
      pages = {45--50},
      year = 2010,
      month = May,
      day = 22,
      publisher = {ELRA},
      address = {Valletta, Malta},
      notee={\url{http://is.muni.cz/publication/884893/en}},
      language={English}
}
@article{thelwall2010sentiment,
  title={Sentiment strength detection in short informal text},
  author={Thelwall, Mike and Buckley, Kevan and Paltoglou, Georgios and Cai, Di and Kappas, Arvid},
  journal={Journal of the American Society for Information Science and Technology},
  volume={61},
  number={12},
  pages={2544--2558},
  year={2010},
  publisher={Wiley Online Library}
}
@inproceedings{DBLP:conf/kdd/LiWDWC12,
author    = {Rui Li and Shengjie Wang and Hongbo Deng and Rui Wang and Kevin Chen-Chuan Chang},
title     = {Towards social user profiling: unified and discriminative influence model for inferring home locations},
booktitle = {KDD},
year      = {2012},
pages     = {1023-1031}
}
@article{cambria2014jumping,
  title={Jumping NLP curves: A review of natural language processing research},
  author={Cambria, Erik and White, Bebo},
  journal={IEEE Computational Intelligence Magazine},
  volume={9},
  number={2},
  pages={48--57},
  year={2014}
}
@article{walton1991bias,
  title={Bias, critical doubt and fallacies},
  author={Walton, Douglas N},
  journal={Argumentation and Advocacy},
  volume={28},
  pages={1--22},
  year={1991}
}
@inproceedings{wilson2005recognizing,
  title={Recognizing contextual polarity in phrase-level sentiment analysis},
  author={Wilson, Theresa and Wiebe, Janyce and Hoffmann, Paul},
  booktitle={Proceedings of the conference on human language technology and empirical methods in natural language processing},
  pages={347--354},
  year={2005},
  organization={Association for Computational Linguistics}
}
@article{xieresonance,
  title={Resonance Elicits Diffusion: Modeling Subjectivity for Retweeting Behavior Analysis},
  author={Xie, Songxian and Tang, Jintao and Wang, Ting},
  journal={Cognitive Computation},
  pages={1--13},
  publisher={Springer},
  year={2014}
}
